@book{Daubechies1992,
	author = {Daubechies, Ingrid},
	year = {1992},
	title = {Ten Lectures on Wavelets - },
	publisher = {SIAM},
	adress = {Philadelphia},
}

@book{Schumaker2007,
	author = {Schumaker, Larry},
	year = {2007},
	title = {Spline Functions: Basic Theory - },
	edition = {},
	publisher = {Cambridge University Press},
	address = {Cambridge},
}

@book{Daubechies1988,
	author = {Daubechies, Ingrid},
	year = 1988,
	title = {Orthonormal bases of ccompactly supported wavelets},
	publisher = {Comm. Pure Appl. Math., 41, pp. 909-996},
}

@book{Daubechies1990,
	author = {Daubechies, Ingrid},
	year = 1990,
	title = {Orthonormal bases of ccompactly supported wavelets II - Variations on a theme},
	publisher = {AT and T Bell Laboratories submitted to SIAM J. Math. Anal.},
}

@book{CernaFinekNajzar2008,
	author = {Cerna,Dana},
	year = 2008,
	title = {On the exact values of coefficients of coiflets},
	publisher = {Central European Journal of Mathematics},
}

@book{CohenDaubechiesFeauveau,
	author = {A. Cohen, I. Daubechies, J.-C. Feauveau},
	year = 1992,
	title = {Biorthogonal bases of compactly supported wavelets},
	publisher = {Communications on Pure and Applied Mathematics, Vol. XLV, 485-560},
}

@book{Primbs2006,
	author = {M. Primbs},
	year = 2006,
	title = {Biorthogonal bases of compactly supported wavelets},
	url = {http://duepublico.uni-duisburg-essen.de/servlets/DerivateServlet/Derivate-5693/Dissertation_Primbs.pdf},
}

@misc{LycheMorken,
	author = {T. Lyche, K.Morken},
	year = 2008,
	title = {Spline Methods Draft},
	url = {http://folk.uio.no/in329/nchap3.pdf},
}