@book{Daubechies1992,
	author = {Daubechies, Ingrid},
	year = {1992},
	title = {Ten Lectures on Wavelets - },
	publisher = {SIAM},
	adress = {Philadelphia},
}

@book{Schumaker2007,
	author = {Schumaker, Larry},
	year = {2007},
	title = {Spline Functions: Basic Theory - },
	edition = {},
	publisher = {Cambridge University Press},
	address = {Cambridge},
}
@ARTICLE{Coester1958,
	AUTHOR={F. Coester},
	YEAR= 1958,
	TITLE={Bound states of a many-particle system}
	JOURNAL = {Nucl. Phys.},
	NUMBER= 7,
	PAGES = {421-424},
}
@article{Daubechies1988,
	author = {Daubechies, Ingrid},
	year = 1988,
	title = {Orthonormal bases of ccompactly supported wavelets},
	journal = {Comm. Pure Appl. Math.},
	number= 41,
	pages = {909-996},
}

@article{Daubechies1993,
	author = {Daubechies, Ingrid},
	year = 1993,
	title = {Orthonormal bases of ccompactly supported wavelets II - Variations on a theme},
	journal = {SIAM J. Math. Anal.},
	number = 24,
	pages = {499-519},
}

@article{CernaFinekNajzar2008,
	author = {Cerna,Dana},
	year = 2008,
	title = {On the exact values of coefficients of coiflets},
	journal = {Central European Journal of Mathematics},
	number = 6,
	pages = {159-169},
}

@article{CohenDaubechiesFeauveau,
	author = {A. Cohen, I. Daubechies, J.-C. Feauveau},
	year = 1992,
	title = {Biorthogonal bases of compactly supported wavelets},
	journal = {Communications on Pure and Applied Mathematics}
	number = 45,
	pages = {485-560},
}

@phdthesis{Primbs2006,
	author = {M. Primbs},
	year = 2006,
	title = {Stabile biorthogonale Spline-Waveletbasen auf dem Intervall},
	school = {Universit√§t Duisburg-Essen},
	url = {http://duepublico.uni-duisburg-essen.de/servlets/DerivateServlet/Derivate-5693/Dissertation_Primbs.pdf},
}

@misc{LycheMorken,
	author = {T. Lyche, K.Morken},
	year = 2008,
	title = {Spline Methods Draft},
	url = {http://folk.uio.no/in329/nchap3.pdf},
}
@misc{TR,
	author ={Thorsten  Raasch},
	title = {Lecture notes in 'Numerische Fourier- und Waveletmethoden'},
	year = 2016,
}
@misc{RaaWer,
	title = {WaveletTL - the Wavelet Template Library },
	howpublished = {Copyright (c) 2002-2009},
	author = {Thorsten Raasch, Manuel Werner},
}